<record xmlns="http://www.loc.gov/MARC21/slim" xmlns:xsi="http://www.w3.org/2001/XMLSchema-instance" xsi:schemaLocation="http://www.loc.gov/MARC21/slim http://www.loc.gov/standards/marcxml/schema/MARC21slim.xsd">

  <leader>00489nam a2200145Ia 4500</leader>
  <datafield ind2=" " tag="999" ind1=" ">
    <subfield code="c">964</subfield>
    <subfield code="d">964</subfield>
  </datafield>
  <controlfield tag="008">170919b2003    cr ||||| |||| 00| | spa d</controlfield>
  <datafield tag="020" ind2=" " ind1=" ">
    <subfield code="a">9977171076</subfield>
  </datafield>
  <datafield ind1=" " ind2=" " tag="090">
    <subfield code="a">02.01.02 </subfield>
    <subfield code="b">1679</subfield>
  </datafield>
  <datafield ind1="2" ind2=" " tag="110">
    <subfield code="a">Fundación Arias para la Paz y el Progreso Humano</subfield>
    <subfield code="9">3186</subfield>
  </datafield>
  <datafield ind1=" " tag="245" ind2=" ">
    <subfield code="a">Módulo de sostenibilidad: herramientas para construir el futuro de la Organización /</subfield>
    <subfield code="c">Fundación Arias para la Paz y el Progreso Humano</subfield>
  </datafield>
  <datafield ind1=" " tag="260" ind2=" ">
    <subfield code="a">San José, C.R. : </subfield>
    <subfield code="b">Fundación Arias para la Paz y el Progreso Humano, </subfield>
    <subfield code="c">2003</subfield>
  </datafield>
  <datafield ind1=" " tag="300" ind2=" ">
    <subfield code="a">46 páginas</subfield>
  </datafield>
  <datafield ind2="4" tag="650" ind1="1">
    <subfield code="a">PLANIFICACIÓN ESTRATÉGICA</subfield>
    <subfield code="9">762</subfield>
  </datafield>
  <datafield ind2="4" tag="650" ind1="1">
    <subfield code="a">ADMINISTRACIÓN</subfield>
    <subfield code="9">2299</subfield>
  </datafield>
  <datafield ind1="1" tag="650" ind2="4">
    <subfield code="a">DESARROLLO  SOSTENIBLE</subfield>
    <subfield code="9">443</subfield>
  </datafield>
  <datafield ind2=" " tag="942" ind1=" ">
    <subfield code="2">z</subfield>
    <subfield code="c">01</subfield>
  </datafield>
</record>